@article{ freedman,
	author = {{Birg\'e, Lucien} and {Rozenholc, Yves}},
	title = {How many bins should be put in a regular
histogram},
	DOI= "10.1051/ps:2006001",
	url= "https://doi.org/10.1051/ps:2006001",
	journal = {ESAIM: PS},
	year = 2006,
	volume = 10,
	pages = "24-45",
	month = "",
}

@article{origpaper,
	doi = {10.1007/jhep06(2013)064},
  
	url = {https://doi.org/10.1007%2Fjhep06%282013%29064},
  
	year = 2013,
	month = {jun},
  
	publisher = {Springer Science and Business Media {LLC}
},
  
	volume = {2013},
  
	number = {6},
	author = {LHCb Collaboration},
  
	title = {Production of J/$\psi$ and \textUpsilon\ mesons in pp collisions at $\sqrt{s}$=8 {TeV}},
  
	journal = {Journal of High Energy Physics}
}